<?xml version="1.0" encoding="UTF-8"?><collection xmlns="http://www.loc.gov/MARC21/slim"><record><leader>00503nam--2200169-i-4500</leader><controlfield tag="001">000013951</controlfield><controlfield tag="002">20161230</controlfield><controlfield tag="005">20161230201030</controlfield><controlfield tag="008">060222s1000------------r-----000-0-rus-d</controlfield><datafield ind1=" " ind2=" " tag="041"><subfield code="a">rus</subfield></datafield><datafield ind1=" " ind2=" " tag="080"><subfield code="a">517.9:532.51</subfield></datafield><datafield ind1="1" ind2=" " tag="100"><subfield code="a">Teman, R</subfield></datafield><datafield ind1="1" ind2="0" tag="245"><subfield code="a">Urovneniia navie - stoksa</subfield><subfield code="b">Teroiia i chisalennii analiz</subfield><subfield code="c">R. Teman</subfield></datafield><datafield ind1=" " ind2=" " tag="260"><subfield code="a">Moskva</subfield><subfield code="b">Mir</subfield><subfield code="c">1981</subfield></datafield><datafield ind1=" " ind2=" " tag="500"><subfield code="a">Tit. orig in lb. engleza: Navier - Stokes Equations. Theory and numarical analysis</subfield></datafield><datafield ind1=" " ind2=" " tag="852"><subfield code="a">70047</subfield><subfield code="c">532</subfield></datafield><datafield ind1=" " ind2=" " tag="CAT"><subfield code="a">Sys</subfield><subfield code="c">20100722</subfield><subfield code="h">135950</subfield></datafield></record></collection>